%%%%%%%%%%%%%%%%%%%%%%%%%%
%%QMC Papers

@ misc{goddardMSC,
AUTHOR			= "{Goddard~III}, William A.", 
TITLE			= "Materials and Process Simulation Center",
YEAR			= 2006,
INSTITUTION		= "Caltech",
OPTNOTE			= "\httpAddr{//www.wag.caltech.edu/}",
}

%this paper presents the importance sampling we use
@article   {UmrigarNightingaleRunge1993,
  author   =  {Umrigar, {C. J.} and Nightingale, {M. P.} and Runge,
              {K. J.}},
  title    =  {A DIFFUSION \protect{Monte Carlo} ALGORITHM WITH VERY SMALL
              TIME-STEP ERRORS},
  journal  =  {Journal of Chemical Physics},
  volume   =  {99},
  number   =  {4},
  year     =  {1993},
  pages    =  {2865--2890}
}

%this paper presents the QMC flavor we use (fixed-node diffusion monte carlo)
@article   {ReynoldsCeperleyAlder1982,
  author   =  {Reynolds, {P. J.} and Ceperley, {D. M.} and Alder,
              {B. J.} and Lester, {W. A.}},
  title    =  {FIXED-NODE \protect{Quantum Monte Carlo} FOR MOLECULES},
  journal  =  {Journal of Chemical Physics},
  volume   =  {77},
  number   =  {11},
  year     =  {1982},
  pages    =  {5593--5603}
}

%this is a great article summarizing the algorithm on a Science level
@article   {ceperley1986,
  author   =  {Ceperley, {D. M.} and Alder, {B. J.}},
  title    =  {Quantum \protect{Monte Carlo}},
  journal  =  {Science},
  volume   =  {231},
  number   =  {4738},
  year     =  {1986},
  pages    =  {555--560}
}

@ article{olsen1990,
AUTHOR         		= "J. Olsen and P. J{\o}rgensen and J. Simons",
TITLE          		= "Passing the one-billion limit in full configuration-interaction (FCI) calculations",
JOURNAL        		= "Chemical physics letters",
VOLUME         		= "169",
NUMBER        		= "6",
PAGES          		= "463--472",
YEAR           		= 1990,
}

@misc{QMcBeaver,
   author    = "{Kent~IV}, {D.R.} and Feldmann, {M.T.} and Fisher, {D. R.} and Anderson, {A.G.} ",
   title     = {\protect{QM\raise .5ex\hbox{c}Beaver} v20051021 \copyright},
   publisher = {Material Simulation Center, California Institute of 
                Technology},
   address   = {Pasadena, California},
   year      = {2001-2006}
}

@misc        {Jaguar,
   author    = {M.N. Ringnalda and J.-M. Langlois and R.B. Murphy and 
                B.H. Greeley and C. Cortis and T.V. Russo and B. Marten and 
                Donnelly,~Jr., {R.E.} and W.T. Pollard and Y. Cao and 
                R.P. Muller and D.T. Mainz and J.R. Wright and G.H. Miller 
                and Goddard~III, {W.A.} and R.A. Friesner},
   title     = {Jaguar v4.1},
   publisher = {Schr{\"{o}}dinger, Inc.},
   address   = {Portland, Oregon},
   year      = {2001}
}

@article   {Benchmarks,
  author   =  {Grossman, {J.C.}},
  title    =  {Benchmark \protect{Quantum Monte Carlo} Calculations},
  journal  =  {Journal of Chemical Physics},
  year     =  {2002},
  pages    =  {1434},
  volume   =  {117},
  number   =  {4}
}

@book{Press93,
   author = {W. H. Press and B. P. Flannery and S. A. Teukolsky and W. T. Vetterling},
   title  = {Numerical Recipes in C: The Art of Scientific Computing},
   publisher = {Cambridge University Press},
   address  = {New York},
   year = {1993},
}

@article   {UmrigarWilsonWilkins1988,
  author   =  {Umrigar, {C. J.} and Wilson, {K. G.} and Wilkins,
              {J. W.}},
  title    =  {Optimized Trial Wave-Functions for \protect{Quantum Monte Carlo} Calculations},
  journal  =  {Physical Review Letters},
  volume   =  {60},
  number   =  {17},
  year     =  {1988},
  pages    =  {1719--1722}
}

@article   {EqArray,                                                                               
  author   = {Dan Fisher},                                                                                   
  title    = {Improving the efficiency of \protect{quantum Monte Carlo}                            
              calculations.  \protect{II}.  \protect{The} equilibration                            
              array.},                                                                             
  journal  = {},                                                                                   
  year     = {2006},                                                                               
  note     = {In Progress}                                                                         
} 

@article   {STRAW,                                                                                 
  author   = {Dan Fisher},                                                                                   
  title    = {Improving the efficiency of \protect{quantum Monte Carlo}                            
              calculations.  \protect{I}.  \protect{The} stratified walker                         
              initialization.},                                                                    
  journal  = {},                                                                                   
  year     = {2006},                                                                               
  note     = {In Progress}                                                                         
} 

@book{Atkins01,
   author = {Peter W. Atkins and R. S. Friedman},
   title = {Molecular Quantum Mechanics},
   publisher = {Oxford University Press},
   year = 2001
}

@book{Szabo82,
   author = {Atilla Szabo and Neil S. Ostlund},
   title = {Modern Quantum Chemistry},
   publisher = {McGraw-Hill},
   address = {New York},
   year = {1982}
}

@article   {DDDA,
  title    =  {Efficient algorithm for `on-the-fly' error analysis of local or
               distributed serially-correlated data},
  author   =  {Feldmann, {M.T.} and Kent~IV, {D.R.} and Goddard~III, {W.A.}},
  journal  =  {Journal of Computational Chemistry},
  year     =  {2004},
  note     =  {Submitted}
}

@book{Thijssen99,
   author = {J. M. Thijssen},
   title = {Computational Physics},
   publisher = {Cambridge},
   address = {New York},
   year = {1999},
}

@article   {QMC-MW,
  author   =  {Feldmann, {M.T.} and Kent~IV, {D.R.} and Muller, {R.P.} and 
               Cummings, {J.C.} and Goddard~III, {W.A.}},
  title    =  {Manager-Worker-Based Model for the Parallelization of 
               \protect{Quantum Monte Carlo} on Heterogeneous and Homogeneous 
               Networks},
  journal  =  {Journal of Computational Chemistry},
  year     =  {2004},
  note     =  {Submitted}
}

@article{WN147,
AUTHOR         		= "R. Clint Whaley and Antoine Petitet and Jack J. Dongarra",
TITLE          		= "Automated Empirical Optimization of Software and the {ATLAS} Project",
JOURNAL        		= "Parallel Computing",
VOLUME         		= "27",
NUMBER        		= "1--2",
PAGES          		= "3--35",
YEAR           		= 2001,
}

@book{atlas_siam,
AUTHOR         		= {R. Clint Whaley and Jack J. Dongarra},
TITLE          		= "{Automatically Tuned Linear Algebra Software}",
BOOKTITLE	      	= "Ninth SIAM Conf.\ on Par.\ Proc.\ for Sc.\ Comp.",
NOTE           		= "CD-ROM Proceedings",
YEAR           		= 1999,
}

@article   {Metropolis,
  author   =  {Metropolis, N. and Rosenbluth, {A.W.} and Rosenbluth, {M.N.} 
               and Teller, {A.H.} and Teller, E.}, 
  title    =  {Equation of State Calculations by Fast Computing Machines.},
  journal  =  {Journal of Chemical Physics},
  volume   =  {21},
  year     =  {1953},
  pages    =  {1087}
}

@phdthesis {kent2003,
  author   =  {David Randall \"Chip\" {Kent~IV}}, 
  title    =  {New Quantum Monte Carlo Algorithms to Efficiently Utilize
  	         Massively Parallel Computers},
  school = {Caltech},
  year     =  {2003},
}

%%%%%%%%%%%%%%%%%%%%%%%%%%

@article{tempA,
AUTHOR         		= "",
TITLE          		= "",
JOURNAL        		= "",
VOLUME         		= "",
NUMBER        		= "",
PAGES          		= "",
YEAR           		= 2001,
NOTE           		= "" 
}

@inproceedings{tempIP,
AUTHOR    		= "",
TITLE     			= "",
BOOKTITLE 		= "",
YEAR      			= "",
NOTE      			= "",
PUBLISHER 		= "",
ADDRESS 		= ""
}
